% The announcement is specifically listed in order of use
% to show that in the chapter List of sources used, the correct order will be

@online{russian_emergency_law_1994,
  title = {Федеральный закон от 21.12.1994 \No 68-ФЗ
		<<О защите населения и территории от чрезвычайных ситуаций природного
		и техногенного характера>>},
  media = {eresource},
  url = {https://www.consultant.ru/document/cons_doc_LAW_5295/},
  year = {1998},
  urldate = {2025-05-26},
}

@online{first_aid_order_2012,
  title = {Приказ Минздравсоцразвития РФ от 04.05.2012 \No 477н
		<<Об утверждении перечня состояний,
		при которых оказывается первая помощь,
		и перечня мероприятий по оказанию первой помощи>>},
  media = {eresource},
  year = {2012},
  url = {https://www.consultant.ru/document/cons_doc_LAW_129862/},
  urldate = {2025-05-26},
}

@online{labor_code_2001,
  title = {Трудовой кодекс Российской Федерации от 30.12.2001 \No 197-ФЗ
		<<Трудовой кодекс Российской Федерации>>},
  media = {eresource},
  year = {2001},
  url = {https://www.consultant.ru/document/cons_doc_LAW_34683/},
  urldate = {2025-05-26},
}

@online{healthcare_law_2011,
  title = {Федеральный закон от 21.11.2011 \No 323-ФЗ
	  <<Об основах охраны здоровья граждан в Российской Федерации>>},
  media = {eresource},
  year = {2011},
  url = {https://www.consultant.ru/document/cons_doc_LAW_121895/},
  urldate = {2025-05-26},
}

@online{civil_defense_law_1998,
  title = {\No 28-ФЗ 12.02.1998 <<О гражданской обороне>>},
  media = {eresource},
  year = {1998},
  url = {https://www.consultant.ru/document/cons_doc_LAW_17861/},
  urldate = {2025-05-26},
}


@online{sanpin_2003,
  title = {СанПиН 2.2.2/2.4.1340-03
		<<Гигиенические требования к
		персональным электронно-вычислительным машинам
		и организации работы>>},
  media = {eresource},
  year = {2003},
  url = {https://docs.cntd.ru/document/901865498/},
  urldate = {2025-05-26},
}

@reference{gost34_602,
  heading    = {ГОСТ 34.602-2020},
  title      = {Информационная технология.
	  Комплекс стандартов на автоматизированные системы.
	  Техническое задание на создание автоматизированной системы},
  media      = {text},
  specdata   = {Взамен ГОСТ 34.602-89~; введ. 01.01.2022},
  location   = {М.},
  publisher  = {Российский институт стандартизации},
  year       = 2020,
  pagetotal  = 12,
  series     = {Межгосударственный стандарт},
  langid     = {russian},
  %url        = {https://www.swrit.ru/doc/gost34/34.602-2020.pdf},
}

